@book{jozefacka2023metodologia,
  author    = {Józefacka, Natalia M. and Kołek, Mateusz F. and Arciszewska-Leszczuk, Aleksandra and Iwankowski, Paweł},
  title     = {Metodologia i statystyka. Przewodnik naukowego turysty. Tom 1},
  year      = {2023},
  publisher = {Wydawnictwo Naukowe PWN},
  address   = {Warszawa}
}
@online{statsmodels,
  author = {statsmodels},
  title  = {0.15.0 User Guide},
  year   = {2025},
  url    = {https://www.statsmodels.org/}
}
@online{pogotowiestatystyczne,
  author = {Pogotowie Statystyczne},
  title  = {Słownik},
  year   = {2024},
  url    = {https://pogotowiestatystyczne.pl/}
}
@online{gitkkozlowski,
  author = {Kamil Kozłowski},
  title  = {LaTeXPolishLeters.tex},
  year   = {2016},
  url    = {https://gist.github.com/KKozlowski/bd2c2267ea68fd5f92c30ac5ebeb2f16}
}
@online{pandas,
  author = {NumFOCUS, Inc},
  title  = {pandas},
  year   = {2024},
  url    = {https://pandas.pydata.org/}
}
@online{pqstat,
  title  = {PQStat Software},
  year   = {2022},
  url    = {https://manuals.pqstat.pl/pl:userguide}
}
@book{grzeszkiewicz2023analizawariancji,
  author = {Grzeszkiewicz-Radulska, Katarzyna},
  title  = {Wprowadzenie do analizy wariancji z czynnikami losowymi},
  year   = {2023},
  publisher = {Uniwersytet Łódzki},
  address   = {Łódź}
}
@book{witte2010statistics,
  author    = {Robert S. Witte and John S. Witte},
  title     = {Statistics},
  edition   = {9th},
  year      = {2010},
  publisher = {John Wiley \& Sons},
  address   = {Hoboken, NJ, USA},
}
@book{orourke2005sas,
  author    = {O'Rourke, Norm and Hatcher, Larry and Stepanski, Edward J.},
  title     = {A Step-by-Step Approach to Using SAS for Univariate and Multivariate Statistics},
  edition   = {2th},
  year      = {2005},
  publisher = {SAS Institute},
  address   = {Cary, NC, USA},
}

@article{levene1960robust,
  title={Robust tests for equality of variances},
  author={Levene, Howard},
  journal={Contributions to Probability and Statistics: Essays in Honor of Harold Hotelling},
  volume={1},
  pages={278--292},
  year={1960},
  publisher={Stanford University Press},
  adress={Palo Alto}
}

@article{levene1960robust,
  title={Robust tests for equality of variances},
  author={Levene, Howard},
  journal={Contributions to Probability and Statistics: Essays in Honor of Harold Hotelling},
  volume={1},
  pages={278--292},
  year={1960},
  publisher={Stanford University Press}
}

@article{bartlett1937properties,
  title={Properties of sufficiency and statistical tests},
  author={Bartlett, Maurice Stevenson},
  journal={Proceedings of the Royal Society of London. Series A, Mathematical and Physical Sciences},
  volume={160},
  number={901},
  pages={268--282},
  year={1937},
  publisher={The Royal Society}
}

@article{fligner1976distribution,
  title={Distribution-free two-sample tests for scale},
  author={Fligner, Michael A. and Killeen, Thomas J.},
  journal={Journal of the American Statistical Association},
  volume={71},
  number={353},
  pages={210--213},
  year={1976},
  publisher={Taylor \& Francis}
}
